<?xml version="1.0" encoding="UTF-8"?><collection xmlns="http://www.loc.gov/MARC21/slim"><record><leader>00471nam--2200193-u-4500</leader><controlfield tag="001">000056760</controlfield><controlfield tag="002">20190620</controlfield><controlfield tag="005">20190620042912</controlfield><controlfield tag="008">190620s1000------------r-----000-0-fra-d</controlfield><datafield ind1=" " ind2=" " tag="040"><subfield code="a">IFIN-HH</subfield></datafield><datafield ind1=" " ind2=" " tag="041"><subfield code="a">fra</subfield></datafield><datafield ind1="1" ind2=" " tag="100"><subfield code="a">Landau, L</subfield></datafield><datafield ind1="1" ind2="0" tag="245"><subfield code="a">Mecanique des fluids</subfield><subfield code="c">L. Landau; E. Lifchitz</subfield></datafield><datafield ind1=" " ind2=" " tag="260"><subfield code="a">Moscova</subfield><subfield code="b">Mir</subfield><subfield code="c">1971</subfield></datafield><datafield ind1=" " ind2=" " tag="300"><subfield code="a">669 p</subfield></datafield><datafield ind1=" " ind2=" " tag="500"><subfield code="a">Donatie Gheorghe Dinescu</subfield></datafield><datafield ind1="1" ind2=" " tag="700"><subfield code="a">Lifchitz, E</subfield></datafield><datafield ind1=" " ind2=" " tag="852"><subfield code="a">82704</subfield><subfield code="c">532</subfield></datafield><datafield ind1=" " ind2=" " tag="CAT"><subfield code="a">SYS</subfield><subfield code="c">20190620</subfield><subfield code="h">042912</subfield></datafield></record></collection>